@misc{javo_notas,
  author        = {Javier Enríquez Mendoza},
  title         = {Notas de clase 1: Estudio de lenguajes},
  year          = {2022},
  publisher={Faculdad de Ciencias, UNAM},
  note = "[Online; accessed 21-08-22]"
}

@misc{favio_notas,
  author        = {F. E. Miranda Perea and L. C. Gonzáles Huesca},
  title         = {Nota de clase 1: Introducción},
  year          = {2020},
  publisher={Faculdad de Ciencias, UNAM},
  note = "[Online; accessed 21-08-22]"
}

