@misc{solid_esp,
  title = {SOLID: los 5 principios que te ayudar√°n a desarrollar software de calidad},
  howpublished = {\url{https://profile.es/blog/principios-solid-desarrollo-software-calidad/}},
  note = {Accessed: 2020-09-03}
}

@misc{ejemplo_d,
  title = {All you Need to Know About Solid Principles in Java},
  howpublished = {\url{https://www.edureka.co/blog/solid-principles-in-java/}},
  note = {Accessed: 2020-09-03}
}



@article{martin2000design,
  title={Design principles and design patterns},
  author={Martin, Robert C},
  journal={Object Mentor},
  volume={1},
  number={34},
  pages={597},
  year={2000}
}

@article{singh2015effect,
  title={Effect of solid design principles on quality of software: An empirical assessment},
  author={Singh, Harmeet and Hassan, Syed Imtiyaz},
  journal={International Journal of Scientific \& Engineering Research},
  volume={6},
  number={4},
  year={2015}
}

@article{martinez2021utilizacion,
  title={Utilizaci{\'o}n de Arquitecturas Limpias para Trabajo con Buenas Pr{\'a}cticas en la Construcci{\'o}n de Aplicaciones Java.},
  author={Mart{\'\i}nez, Julio C{\'e}sar and Henao, C{\'e}sar and Henao, Federico and Zapata, Esteban},
  journal={Revista Innovaci{\'o}n Digital y Desarrollo Sostenible-IDS},
  volume={1},
  number={2},
  pages={133--140},
  year={2021}
}